3180 5384
641 339 919 395 Cnnonononnscnnn
937 339 1042 393 Knnon

370 507 428 576 legt
446 508 482 561 ist
500 508 662 572 (Schroeder
673 509 785 563 Pindari
803 525 883 562 earm.
904 514 945 572 63)
959 539 993 546 -
1006 508 1059 563 dnss
1078 511 1145 564 aber
1162 510 1211 564 das
1229 509 1324 564 datum
1342 511 1391 566 dos
1403 511 1474 566 Mar·

370 608 445 647 mors
462 592 638 647 authentInch
656 594 699 658 ist,
717 594 788 647 wird
805 609 869 647 man
881 594 931 648 mit
943 593 1088 648 sicherheit
1099 594 1175 649 nicht
1185 594 1341 663 bnhaupten
1354 594 1473 651 knnnen.

373 677 446 731 donn
464 678 565 746 genade
584 678 612 730 In
631 678 679 732 der
696 678 874 748 chronologia
893 679 941 733 der
959 678 1112 733 sicilisehen
1131 680 1280 748 ereignisso
1301 679 1403 735 weinht
1425 680 1475 736 dor

373 761 496 819 chronist
511 780 569 818 von
588 763 650 817 dem
668 762 899 831 glaubwfirdigen
916 763 1037 818 Timaios
1055 765 1122 818 weit
1138 764 1182 819 ab.
1218 781 1240 819 s.
1259 781 1302 834 ep.
1320 769 1361 819 53.

378 1037 438 1106 ορ.
462 1018 504 1088 53
543 1022 667 1086 Γέλων
696 1023 717 1085 ὀ
746 1024 1294 1109 Δεινομένους-Συρακουσσῶν
1328 1020 1478 1112 έτυράν-
1507 1028 1582 1102 478)Ι

416 1138 556 1189 υευσεν.
753 1128 759 1135 “
967 1125 971 1155 ³
1542 1125 1562 1191 J

457 1239 510 1293 Die
529 1239 706 1307 chronologia
724 1239 773 1292 der
790 1245 878 1294 ersten
903 1239 1054 1294 sieilischen
1077 1249 1226 1311 tyrannen,
1250 1241 1295 1295 die
1317 1227 1367 1295 der
1384 1241 1478 1296 Pan'er

374 1327 402 1379 in
421 1326 605 1394 eigenartiger
621 1324 722 1392 gestalt
738 1323 833 1388 bietet,
851 1326 888 1378 ist
904 1323 951 1378 bei
968 1340 1085 1380 unseren
1102 1341 1207 1394 neugen
1226 1325 1271 1380 die
1287 1323 1433 1393 folgende:

461 1415 485 1475 1)
502 1409 644 1464 Marmor
680 1413 705 1474 a)
723 1424 766 1476 ep.
786 1413 831 1463 53:
850 1408 939 1464 Gelon
962 1417 1062 1480 tyrann
1086 1412 1172 1476 4786.
1207 1410 1236 1475 b)
1254 1426 1297 1479 ep.
1316 1414 1348 1464 55
1372 1410 1478 1465 Hieron

374 1503 475 1566 tyrann
492 1495 578 1561 47211.
614 1493 702 1549 Gelon
720 1495 805 1562 regin
822 1494 880 1548 also
899 1497 914 1546 6
931 1493 1016 1563 jahre.

460 1585 485 1644 2)
505 1579 676 1634 Herodotos:
695 1578 748 1632 VII
767 1582 815 1632 153
822 1577 854 1631 fs.
872 1581 908 1632 ist
926 1578 1015 1634 Gelon
1038 1597 1087 1634 zur
1103 1580 1157 1634 neit
1179 1581 1228 1635 der
1245 1575 1358 1651 Μηδικά
1377 1580 1479 1636 bnreitn

310 1672 312 1676 ‘
375 1665 515 1720 henschen
531 1681 589 1719 von
608 1662 737 1734 Syrakus.

462 1756 488 1814 3)
505 1749 671 1804 Aristoteles
687 1749 742 1818 pol.
761 1749 785 1802 E
804 1751 834 1801 12
853 1749 986 1816 p.1315b
1004 1754 1050 1804 34:
1068 1756 1127 1807 τῶν
1145 1754 1175 1810 δὲ
1192 1757 1302 1809 λοιπῶν
1319 1754 1366 1816 (ευ.
1378 1772 1480 1830 τυραν-

376 1840 471 1902 νίδων)
484 1832 500 1908 ἡ
513 1837 606 1906 (τῶν)
619 1839 685 1905 περὶ
697 1829 812 1903 Ἱέρωνα
830 1839 879 1890 καί
897 1835 1015 1892 Γέλωνα
1033 1833 1302 1909 περίΣυρακούσας
1314 1831 1362 1908 έτη
1374 1830 1403 1892 δ’
1416 1828 1480 1894 οὐδ’

378 1915 448 1995 αὕτη
466 1918 558 1978 πολλά
577 1920 721 1988 διέμεινεν,
739 1915 811 1978 άλλά
830 1919 865 1978 τά
885 1918 1035 1991 σύμπαντα
1053 1927 1132 1978 δυοῖν
1143 1922 1245 1979 δέοντα
1258 1917 1362 1979 εἴκοσι’
1380 1921 1480 1979 Γέλων

377 2009 430 2079 μέν
451 2005 508 2080 γάρ
526 2002 597 2064 ἑπτά
617 2000 809 2076 τυραννεύσας
826 2012 877 2063 τῶι
897 2001 1004 2080 ύγδόωι
1022 2007 1076 2065 τόν
1097 2009 1166 2080 βίον
1188 2003 1386 2080 ἐτελεύτησεν,
1413 2008 1479 2066 δέκα

379 2089 405 2151 δ’
418 2088 524 2164 Ἱέρων,
544 2091 748 2164 Θρασύβουλος
766 2093 795 2148 δέ
813 2096 864 2147 τῶι
883 2089 1038 2149 ένδεκάτωι
1055 2097 1120 2165 μηνί
1137 2086 1280 2160 ἐξέπεσεν.

464 2183 489 2244 4)
507 2177 657 2232 Di0d0r0s.
675 2182 701 2243 a)
720 2178 761 2232 XI
779 2181 836 2242 3851
856 2182 953 2246 (47827)
973 2177 1072 2235 Γέλων
1089 2179 1143 2248 μέν
1161 2169 1212 2235 οὖν
1230 2176 1354 2251 έπταετῆ
1370 2173 1481 2251 χρόνον

379 2264 573 2338 ἐβασίλευσεν,
590 2258 683 2333 Ἱέρων
701 2258 728 2317 δ’
750 2257 766 2318 ὃ
786 2259 909 2334 ἀδελφὸς
927 2257 1015 2321 αὐτοῦ
1033 2256 1233 2331 διαδεξάμενος
1245 2261 1296 2334 τῆν
1308 2258 1401 2335 άρχῆν
1413 2258 1481 2334 ε’βα-

380 2352 492 2406 σίλευσε
515 2353 573 2405 τῶν
598 2351 790 2417 Συρακοσίων
814 2343 862 2420 έτη
880 2345 979 2405 ένδεκα
1005 2352 1055 2404 καί
1075 2352 1167 2416 μῆνας
1190 2341 1277 2405 άκττύ.
1312 2348 1340 2413 b)
1358 2349 1401 2403 XI
1418 2353 1481 2416 66,4

380 2440 477 2504 (4666)
490 2429 588 2505 Ἱέρων
606 2429 632 2489 δ’
653 2429 669 2490 ὁ
688 2437 747 2491 τῶν
765 2435 959 2503 Συρακοσίων
975 2431 1110 2507 βασιλεύς
1126 2430 1308 2506 ἐτελεύτησεν
1319 2432 1353 2491 έν
1365 2439 1409 2506 τῆι
1422 2437 1482 2491 Κα-

290 2571 291 2575 ,
381 2521 461 2592 τάνηι
545 2511 631 2586 οὗτος
647 2520 701 2588 μέν
718 2511 769 2577 ούν
792 2516 880 2591 άρξας
906 2514 955 2590 έτη
976 2516 1076 2576 ένδεκα
1099 2520 1236 2576 κατέλιπε
1257 2515 1309 2589 τῆν
1331 2519 1483 2591 βασιλείαν

384 2601 589 2678 θρασυβούλωι
607 2609 659 2659 τῶι
678 2598 811 2673 α’δελφῶι,
831 2599 864 2670 ὃς
881 2596 947 2675 ῆρξε
961 2607 1153 2675 Συρακοσίων
1171 2597 1306 2662 ἐνιαυτὸν
1323 2601 1382 2661 ένα.
1406 2608 1430 2670 υ)
1442 2603 1484 2658 XI

383 2695 441 2757 68,4
458 2692 557 2758 (466)5)
574 2689 724 2759 absetnung
742 2689 791 2744 des
808 2688 1022 2760 Thrasyboulos.

469 2780 494 2841 5)
511 2775 673 2829 PausanIas:
692 2778 717 2839 υ)
727 2775 795 2830 VIII
803 2778 875 2838 428:
887 2771 962 2830 κατά
975 2771 1031 2846 γάρ
1044 2773 1096 2846 την
1107 2775 1216 2847 Ξέρξου
1224 2769 1356 2847 διάβασιν
1369 2774 1484 2844 (480))9)

382 2855 414 2928 ἐς
431 2855 645 2934 τὴνἘύριύπην
663 2864 860 2931 Συρακουσῶν
878 2880 910 2917 τε
932 2853 1081 2931 ἐτυράννει
1103 2864 1152 2916 καὶ
1170 2862 1304 2925 Σικελίας
1326 2863 1376 2930 τῆς
1399 2856 1485 2931 ἄλλης

382 2949 481 3004 Γέλων
500 2943 516 3000 ὁ
530 2944 727 3012 Δεινομένους.
763 2941 827 3004 ἐπεὶ
844 2947 873 3004 δὲ
891 2940 1056 3015 ἐτελεύτησε
1069 2946 1168 3003 Γέλων
1186 2940 1217 3011 ές
1230 2939 1346 3018 Ἱέρωνα
1358 2938 1485 3016 άδελφδν

384 3032 516 3098 Γέλωνος
533 3035 688 3102 περιῆλθεν
706 3026 722 3102 ῆ
740 3025 824 3104 άρχῆ.
858 3028 986 3103 Ἱέρωνος
997 3026 1022 3087 δ’
1037 3026 1245 3097 ἀποθανόντος
1257 3028 1406 3101 πρότερον
1417 3034 1485 3103 πρὶν

383 3113 402 3188 ἢ
419 3121 472 3174 τῶι
486 3110 638 3185 Ὀλυμπίωι
652 3119 697 3172 Διί
714 3109 868 3174 άναδεῐναι
884 3115 919 3174 τά
939 3110 1122 3187 άναδῆματα,
1140 3110 1159 3173 ά
1177 3113 1279 3183 εὔξατο
1296 3109 1345 3172 ἐπὶ
1363 3119 1424 3172 τῶν
1438 3112 1486 3171 ἵπ-

385 3221 449 3259 πων
473 3211 535 3268 ταῑς
558 3202 650 3266 νίκαις
667 3205 751 3266 (468),
770 3193 845 3258 ούτω
864 3203 1035 3274 Δεινομένης
1059 3196 1220 3270 ύἹέρωνος
1244 3195 1391 3258 ἀπέδωκεν
1412 3195 1486 3270 ὑπὲρ

385 3291 438 3345 τοῦ
455 3286 568 3357 πατρός
586 3285 629 3351 (cf.
647 3286 687 3340 VI
707 3291 787 3353 12,1).
804 3318 838 3325 -
855 3286 884 3353 b)
902 3287 942 3343 VI
959 3293 1039 3353 9‚4.5
1058 3284 1093 3344 τά
1114 3289 1142 3344 δέ
1164 3282 1196 3353 ές
1219 3284 1253 3344 τὸ
1278 3277 1357 3360 άρμα
1380 3283 1416 3343 τύ
1434 3287 1486 3343 Γέ

386 3379 478 3438 λωνος
496 3370 530 3428 ού
548 3370 622 3429 κατὰ
641 3367 730 3430 ταύτά
750 3368 879 3442 δοξάζειν
894 3367 963 3442 έμοί
980 3393 1012 3429 τε
1030 3376 1191 3443 παρίστατο
1203 3377 1252 3429 καὶ
1264 3379 1328 3437 τοῖς
1338 3367 1488 3443 πρότερον

386 3455 404 3529 ἢ
421 3451 479 3530 ε’γῶ
498 3457 534 3516 τά
553 3452 586 3523 ές
604 3455 675 3518 αύτύ
694 3456 852 3533 εἰρηκόσιν,
871 3456 899 3515 οἳ
917 3459 1050 3524 Γέλωνος
1071 3463 1124 3514 τοῦ
1147 3457 1178 3513 έν
1197 3457 1327 3514 Σικελίαι
1350 3449 1488 3528 τυραννῆ·

388 3539 495 3609 σαντός
512 3562 600 3613 φασιν
612 3536 749 3612 άνάδημα
762 3539 835 3600 εἶναι
847 3541 882 3601 τύ
895 3535 983 3613 άρμα.
1019 3541 1186 3613 ἐπίγραμμα
1198 3543 1250 3612 μὲν
1263 3537 1294 3611 δῆ
1307 3539 1386 3598 ἐστιν
1398 3534 1488 3598 αύτῶι

388 3628 506 3688 Γέλωνα
526 3626 714 3695 Δεινομένους
736 3621 887 3685 άναδεῑναι
907 3632 1042 3685 Γελῶιον.
1076 3631 1125 3683 καί
1144 3622 1159 3682 ύ
1177 3622 1286 3697 χρόνος
1308 3623 1414 3682 τούτωι
1436 3628 1488 3681 τῶι

389 3713 500 3771 Γέλωνί
517 3711 576 3769 ἐστι
596 3717 645 3781 τῆς
662 3715 741 3784 νίκης
759 3716 840 3784 τρίτη
853 3710 927 3784 πρὸς
940 3712 992 3778 τάς
1004 3709 1201 3786 ἑβδομήκοντα
1216 3705 1393 3780 ὀλυμπιάδας
1409 3714 1490 3776 (488).

390 3797 488 3854 Γέλων
506 3797 536 3854 δέ
555 3793 570 3852 ὁ
592 3800 727 3862 Σικελίας
751 3796 929 3870 τυραννήσας
948 3794 1138 3868 Συρακούσας
1160 3794 1244 3868 έσχεν
1257 3792 1415 3869 Ὑβριλίδου
1436 3795 1490 3864 μέν

388 3875 538 3953 Ἀθήνησιν
556 3879 707 3952 ἄρχοντος,
725 3883 858 3955 δευτέρωι
875 3885 904 3941 δέ
922 3880 977 3939 ἔτει
996 3887 1044 3951 τῆς
1061 3883 1194 3955 δευτέρας
1209 3886 1258 3939 καί
1275 3878 1491 3954 ἑβδομηκοστῆς

392 3960 569 4046 ὀλυμπιάδος
585 3970 690 4034 (49110),
707 3962 742 4038 ῆν
763 3965 929 4040 Τισικράτης
947 3968 1027 4024 ἐνίκα
1042 3965 1246 4039 Κροτωνιάτης
1257 3959 1384 4023 στάδιον.
1420 3969 1491 4038 δῆλα

392 4047 444 4103 ούν
461 4042 500 4112 ὡς
514 4047 713 4116 Συρακούσιον
730 4050 780 4123 ἤδη
794 4057 843 4109 καί
856 4047 890 4109 ού
902 4058 1031 4110 Γελῶιον
1043 4047 1230 4125 ἀναγορεύειν
1243 4045 1332 4107 αύτὸν
1344 4045 1491 4119 ἐμέλλετε.

478 4137 503 4197 6)
521 4134 671 4206 Dionys10s
689 4137 749 4190 Hal.
768 4139 823 4191 AR
841 4139 895 4193 VII
915 4144 936 4204 1,
947 4143 971 4192 4.
1007 4134 1142 4205 τύραννοι
1162 4137 1192 4194 δὲ
1209 4131 1278 4193 τότε
1294 4140 1394 4206 (49110)
1414 4129 1489 4193 κατὰ

393 4215 492 4285 πόλεις
508 4221 561 4288 μέν
578 4212 659 4291 ῆσαν,
677 4215 906 4290 ἐπιφανέστατος
924 4223 953 4280 δὲ
965 4223 1065 4278 Γέλων
1078 4220 1093 4278 ὃ
1108 4221 1304 4290 Δεινομένους,
1324 4225 1428 4279 νεωστί
1439 4222 1494 4290 τῆν

388 4299 598 4375 Ἱπποκράτους
615 4310 676 4371 [τοῦ
694 4303 827 4377 ἀδελφοῦ]
845 4310 997 4377 τυραννίδα
1016 4304 1205 4379 παρειληρῶς.
